<record><leader>00000cas a22000007a 4500</leader><controlfield tag="001">12174569</controlfield><controlfield tag="008">850619d180518uupauwr ne      0    0eng d</controlfield><controlfield tag="009">384</controlfield><datafield ind1=" " ind2=" " tag="010"><subfield code="a">sn 85055155 </subfield></datafield><datafield ind1=" " ind2=" " tag="040"><subfield code="a">PLF</subfield><subfield code="b">eng</subfield><subfield code="c">PLF</subfield><subfield code="d">NPH</subfield><subfield code="d">DLC</subfield><subfield code="d">NPX</subfield><subfield code="d">DEX</subfield><subfield code="d">OCLCG</subfield></datafield><datafield ind1="1" ind2=" " tag="029"><subfield code="a">AU@</subfield><subfield code="b">000025804296</subfield></datafield><datafield ind1=" " ind2=" " tag="042"><subfield code="a">msc</subfield></datafield><datafield ind1="0" ind2="0" tag="050"><subfield code="a">Newspaper 9388</subfield></datafield><datafield ind1="0" ind2="4" tag="245"><subfield code="a">The Cumberland register.</subfield></datafield><datafield ind1=" " ind2=" " tag="260"><subfield code="a">Carlisle [Pa.] :</subfield><subfield code="b">Archibald Loudon,</subfield></datafield><datafield ind1=" " ind2=" " tag="300"><subfield code="a">v. ;</subfield><subfield code="c">43 cm.</subfield></datafield><datafield ind1=" " ind2=" " tag="310"><subfield code="a">Weekly</subfield></datafield><datafield ind1="0" ind2=" " tag="362"><subfield code="a">Vol. 1, no. 1 (Sept. 20, 1805)-</subfield></datafield><datafield ind1=" " ind2=" " tag="500"><subfield code="a">"Republican," &lt;1805&gt;.</subfield></datafield><datafield ind1="4" ind2=" " tag="510"><subfield code="a">Shaw &amp; Shoemaker</subfield><subfield code="c">8272</subfield></datafield><datafield ind1=" " ind2=" " tag="500"><subfield code="a">Editor: Michael Holcomb, &lt;1819&gt;. Cf. Brigham, C.S.  Amer. newspapers.</subfield></datafield><datafield ind1="1" ind2=" " tag="700"><subfield code="a">Loudon, Archibald,</subfield><subfield code="d">1754-1840.</subfield></datafield><datafield ind1="1" ind2=" " tag="700"><subfield code="a">Holcomb, Michael,</subfield><subfield code="d">1794-1874.</subfield></datafield><datafield ind1=" " ind2=" " tag="752"><subfield code="a">United States</subfield><subfield code="b">Pennsylvania</subfield><subfield code="c">Cumberland</subfield><subfield code="d">Carlisle.</subfield></datafield></record>